<record><leader>01060ncm a22002891r 4500</leader><controlfield tag="001">000065952</controlfield><controlfield tag="003">MiAaHDL</controlfield><controlfield tag="005">20211218000000.0</controlfield><controlfield tag="006">m        d        </controlfield><controlfield tag="007">cr bn ---auaua</controlfield><controlfield tag="008">880715c19771947pl zzzn  ei    n 1      d</controlfield><datafield tag="035" ind1=" " ind2=" "><subfield code="a">(MiU)990000659520106381</subfield></datafield><datafield tag="035" ind1=" " ind2=" "><subfield code="a">sdr-miu.990000659520106381</subfield></datafield><datafield tag="035" ind1=" " ind2=" "><subfield code="a">(OCoLC)9815204</subfield></datafield><datafield tag="035" ind1=" " ind2=" "><subfield code="a">(CaOTULAS)159949097</subfield></datafield><datafield tag="035" ind1=" " ind2=" "><subfield code="a">(RLIN)MIUG85-C429</subfield></datafield><datafield tag="035" ind1=" " ind2=" "><subfield code="z">(MiU)Aleph000065952</subfield></datafield><datafield tag="040" ind1=" " ind2=" "><subfield code="a">IEN</subfield><subfield code="c">IEN</subfield><subfield code="d">CStRLIN</subfield><subfield code="d">MiU</subfield></datafield><datafield tag="041" ind1="0" ind2=" "><subfield code="g">enggerpol</subfield></datafield><datafield tag="045" ind1=" " ind2=" "><subfield code="a">x4x4</subfield></datafield><datafield tag="048" ind1=" " ind2=" "><subfield code="a">ka01</subfield></datafield><datafield tag="100" ind1="1" ind2=" "><subfield code="a">Lutosławski, Witold,</subfield><subfield code="d">1913-1994.</subfield></datafield><datafield tag="240" ind1="1" ind2="0"><subfield code="a">Melodie ludowe,</subfield><subfield code="m">piano</subfield></datafield><datafield tag="245" ind1="1" ind2="0"><subfield code="a">Melodie ludowe :</subfield><subfield code="b">na fortepian = Folk melodies : for piano = Volksmelodien : für Klavier /</subfield><subfield code="c">Witold Lutosławski.</subfield></datafield><datafield tag="260" ind1=" " ind2=" "><subfield code="a">[Kraków] :</subfield><subfield code="b">Polskie Wydawn. Muzyczne,</subfield><subfield code="c">[1977, c1947]</subfield></datafield><datafield tag="300" ind1=" " ind2=" "><subfield code="a">26 p. ;</subfield><subfield code="c">28 cm.</subfield></datafield><datafield tag="500" ind1=" " ind2=" "><subfield code="a">Biographical and critical notes by Adam Walaciński, in Polish, English, and German, on p. 23-26.</subfield></datafield><datafield tag="500" ind1=" " ind2=" "><subfield code="a">"PWM edition."</subfield></datafield><datafield tag="538" ind1=" " ind2=" "><subfield code="a">Mode of access: Internet.</subfield></datafield><datafield tag="650" ind1=" " ind2="0"><subfield code="a">Piano music</subfield></datafield><datafield tag="899" ind1=" " ind2=" "><subfield code="7">23849584960006381</subfield><subfield code="a">39015010377565</subfield></datafield><datafield tag="CID" ind1=" " ind2=" "><subfield code="a">000065952</subfield></datafield><datafield tag="DAT" ind1="0" ind2=" "><subfield code="a">19880715000000.0</subfield><subfield code="b">20211218000000.0</subfield></datafield><datafield tag="DAT" ind1="1" ind2=" "><subfield code="a">20211218060656.0</subfield><subfield code="b">2021-12-18T18:55:23Z</subfield></datafield><datafield tag="DAT" ind1="2" ind2=" "><subfield code="a">2021-01-28T18:30:02Z</subfield></datafield><datafield tag="CAT" ind1=" " ind2=" "><subfield code="a">SDR-MIU</subfield><subfield code="d">ALMA</subfield><subfield code="l">prepare.pl-004-008</subfield></datafield><datafield tag="FMT" ind1=" " ind2=" "><subfield code="a">MU</subfield></datafield><datafield tag="HOL" ind1=" " ind2=" "><subfield code="0">sdr-miu.990000659520106381</subfield><subfield code="a">MiU</subfield><subfield code="b">SDR</subfield><subfield code="c">MIU</subfield><subfield code="p">mdp.39015010377565</subfield><subfield code="s">MIU</subfield><subfield code="1">990000659520106381</subfield></datafield><datafield tag="974" ind1=" " ind2=" "><subfield code="b">MIU</subfield><subfield code="c">MIU</subfield><subfield code="d">20211218</subfield><subfield code="s">google</subfield><subfield code="u">mdp.39015010377565</subfield><subfield code="y">1977</subfield><subfield code="r">ic</subfield><subfield code="q">bib</subfield><subfield code="t">non-US bib date1 &gt;= 1927</subfield></datafield></record>